@incollection{FawkesDesign,
  title={Design principles of the component-based robot software framework fawkes},
  author={Niemueller, Tim and Ferrein, Alexander and Beck, Daniel and Lakemeyer, Gerhard},
  booktitle={Simulation, modeling, and programming for autonomous robots},
  pages={300--311},
  year={2010},
  publisher={Springer}
}

@inproceedings{GazeboDesign,
  title={Design and use paradigms for gazebo, an open-source multi-robot simulator},
  author={Koenig, Nathan and Howard, Andrew},
  booktitle={Intelligent Robots and Systems, 2004.(IROS 2004). Proceedings. 2004 IEEE/RSJ International Conference on},
  volume={3},
  pages={2149--2154},
  year={2004},
  organization={IEEE}
}

@incollection{SurveillanceSystem,
  title={A multi-robot surveillance system simulated in gazebo},
  author={Folgado, E and Rinc{\'o}n, M and {\'A}lvarez, JR and Mira, J},
  booktitle={Nature Inspired Problem-Solving Methods in Knowledge Engineering},
  pages={202--211},
  year={2007},
  publisher={Springer}
}

@inproceedings{MultiRobotCoordination,
  title={Coordination for multi-robot exploration and mapping},
  author={Simmons, Reid and Apfelbaum, David and Burgard, Wolfram and Fox, Dieter and Moors, Mark and Thrun, Sebastian and Younes, H{\aa}kan},
  booktitle={Proceedings of the National conference on Artificial Intelligence},
  pages={852--858},
  year={2000},
  organization={Menlo Park, CA; Cambridge, MA; London; AAAI Press; MIT Press; 1999}
}

@inproceedings{UeberSim,
  title={{\"U}berSim: a multi-robot simulator for robot soccer},
  author={Browning, Brett and Tryzelaar, Erick},
  booktitle={Proceedings of the second international joint conference on Autonomous agents and multiagent systems},
  pages={948--949},
  year={2003},
  organization={ACM}
}

@inproceedings{USARSim,
  title={USARSim: a robot simulator for research and education},
  author={Carpin, Stefano and Lewis, Mike and Wang, Jijun and Balakirsky, Stephen and Scrapper, Chris},
  booktitle={Robotics and Automation, 2007 IEEE International Conference on},
  pages={1400--1405},
  year={2007},
  organization={IEEE}
}



@online{LLSFGermanOpen,
author = {RoboCup German Open 2013},
title = {Logistic League},
year = {2013},
url = {http://www.robocupgermanopen.de/en/major/llsf}
}

@misc{Robotino,
  title={Robotino--An Open Learning Mobile Robot System for Robocup},
  author={Karras, Ulrich},
  year={2009},
  publisher={Festo Didactic, Denkendorf, Germany}
}

@MastersThesis{KlingenDA,
author = {Klingen, Bastian},
title = {Scene Reconstruction for post mortem
Fault Analysis using the Gazebo
Simulator from an on-line recording
Database on a mobile Robot},
school = {RWTH Aachen},
year = {2013}
}

@inproceedings{PlayerStage,
  title={The player/stage project: Tools for multi-robot and distributed sensor systems},
  author={Gerkey, Brian and Vaughan, Richard T and Howard, Andrew},
  booktitle={Proceedings of the 11th international conference on advanced robotics},
  volume={1},
  pages={317--323},
  year={2003}
}

@article{Webbots,
  title={WebotsTM: Professional mobile robot simulation},
  author={Michel, Olivier},
  journal={arXiv preprint cs/0412052},
  year={2004}
}

@inproceedings{SIMRobot,
  title={Simrobot-development and applications},
  author={Laue, Tim and R{\"o}fer, Thomas},
  booktitle={The Universe of RoboCup Simulators-Implementations, Challenges and Strategies for Collaboration. Workshop Proceedings of the International Conference on Simulation, Modeling and Programming for Autonomous Robots (SIMPAR 2008). LNCS (LNAI). Springer, Heidelberg},
  year={2008},
  organization={Citeseer}
}

@article{MicrosoftRoboticsStudio,
  title={Microsoft robotics studio: A technical introduction},
  author={Jackson, Jared},
  journal={Robotics \& Automation Magazine, IEEE},
  volume={14},
  number={4},
  pages={82--87},
  year={2007},
  publisher={IEEE}
}

@incollection{MultiLevelAbstraction,
  title={A simulation environment for middle-size robots with multi-level abstraction},
  author={Beck, Daniel and Ferrein, Alexander and Lakemeyer, Gerhard},
  booktitle={RoboCup 2007: Robot Soccer World Cup XI},
  pages={136--147},
  year={2008},
  publisher={Springer}
}

@inproceedings{SoccerChampion,
  title={UT Austin Villa 2011: A champion agent in the RoboCup 3D soccer simulation competition},
  author={MacAlpine, Patrick and Urieli, Daniel and Barrett, Samuel and Kalyanakrishnan, Shivaram and Barrera, Francisco and Lopez-Mobilia, Adrian and {\c{S}}tiurc{\u{a}}, Nicolae and Vu, Victor and Stone, Peter},
  booktitle={Proceedings of the 11th International Conference on Autonomous Agents and Multiagent Systems-Volume 1},
  pages={129--136},
  year={2012},
  organization={International Foundation for Autonomous Agents and Multiagent Systems}
}

@article{Kiva,
  title={Three engineers, hundreds of robots, one warehouse},
  author={Guizzo, Erico},
  journal={Spectrum, IEEE},
  volume={45},
  number={7},
  pages={26--34},
  year={2008},
  publisher={IEEE}
}